<record><leader>00000cas a2200000 a 4500</leader><controlfield tag="001">35705768</controlfield><controlfield tag="008">961009c19uu9999ilumr ne      0    0eng c</controlfield><datafield ind1=" " ind2=" " tag="010"><subfield code="a">sn 96017989 </subfield></datafield><datafield ind1=" " ind2=" " tag="040"><subfield code="a">CLU</subfield><subfield code="b">eng</subfield><subfield code="c">CLU</subfield><subfield code="d">OCLCQ</subfield><subfield code="d">OCLCF</subfield><subfield code="d">OCL</subfield><subfield code="d">OCLCO</subfield></datafield><datafield ind1=" " ind2=" " tag="012"><subfield code="i">9610</subfield></datafield><datafield ind1="1" ind2=" " tag="029"><subfield code="a">AU@</subfield><subfield code="b">000025892802</subfield></datafield><datafield ind1=" " ind2=" " tag="042"><subfield code="a">pcc</subfield></datafield><datafield ind1=" " ind2=" " tag="043"><subfield code="a">aw-----</subfield><subfield code="a">n-us---</subfield></datafield><datafield ind1="1" ind2="4" tag="050"><subfield code="a">DS63.2.U5</subfield><subfield code="b">V65</subfield></datafield><datafield ind1="0" ind2="0" tag="245"><subfield code="a">Voice of Jordan.</subfield></datafield><datafield ind1=" " ind2=" " tag="260"><subfield code="a">Oak Lawn, IL :</subfield><subfield code="b">Jordanian Arab American Business Association Executive Members</subfield></datafield><datafield ind1=" " ind2=" " tag="300"><subfield code="a">v. :</subfield><subfield code="b">ill. ;</subfield><subfield code="c">44 cm.</subfield></datafield><datafield ind1=" " ind2=" " tag="310"><subfield code="a">Monthly</subfield></datafield><datafield ind1=" " ind2=" " tag="588"><subfield code="a">Description based on: Vol. 2, no. 19 (Nov. 1995); title from caption.</subfield></datafield><datafield ind1=" " ind2=" " tag="588"><subfield code="a">Latest issue consulted: Vol. 2, no. 25 (Aug. 1996).</subfield></datafield><datafield ind1=" " ind2="0" tag="651"><subfield code="a">Middle East</subfield><subfield code="x">Relations</subfield><subfield code="z">United States</subfield><subfield code="v">Periodicals.</subfield></datafield><datafield ind1=" " ind2="0" tag="651"><subfield code="a">United States</subfield><subfield code="x">Relations</subfield><subfield code="z">Middle East</subfield><subfield code="v">Periodicals.</subfield></datafield><datafield ind1=" " ind2="7" tag="650"><subfield code="a">International relations.</subfield><subfield code="2">fast</subfield><subfield code="0">(OCoLC)fst00977053</subfield></datafield><datafield ind1=" " ind2="7" tag="651"><subfield code="a">Middle East.</subfield><subfield code="2">fast</subfield><subfield code="0">(OCoLC)fst01241586</subfield></datafield><datafield ind1=" " ind2="7" tag="651"><subfield code="a">United States.</subfield><subfield code="2">fast</subfield><subfield code="0">(OCoLC)fst01204155</subfield></datafield><datafield ind1=" " ind2="7" tag="655"><subfield code="a">Periodicals.</subfield><subfield code="2">fast</subfield><subfield code="0">(OCoLC)fst01411641</subfield></datafield><datafield ind1=" " ind2=" " tag="850"><subfield code="a">CLU</subfield></datafield></record>